%% This BibTeX bibliography file was created using BibDesk.
%% http://bibdesk.sourceforge.net/


%% Created for Le Su at 2014-07-18 16:55:46 +0800 


%% Saved with string encoding Unicode (UTF-8) 



@inproceedings{liu2011ordinal,
	Author = {Liu, Zhiliang and Zuo, MJ and Patel, TH and Xu, Hongbing},
	Booktitle = {Cybernetics and Intelligent Systems (CIS), 2011 IEEE 5th International Conference on},
	Organization = {IEEE},
	Pages = {356--361},
	Title = {Ordinal semi-supervised k-nearest neighbor algorithm for small training datasets},
	Year = {2011}}

@article{nguyen2008survey,
	Author = {Nguyen, Thuy TT and Armitage, Grenville},
	Journal = {Communications Surveys \& Tutorials, IEEE},
	Number = {4},
	Pages = {56--76},
	Publisher = {IEEE},
	Title = {A survey of techniques for internet traffic classification using machine learning},
	Volume = {10}}

@inproceedings{wang2011novel,
	Author = {Wang, Yu and Xiang, Yang and Zhang, Jun and Yu, Shunzheng},
	Booktitle = {Network and System Security (NSS), 2011 5th International Conference on},
	Organization = {IEEE},
	Pages = {169--175},
	Title = {A novel semi-supervised approach for network traffic clustering},
	Year = {2011}}

@article{zhang2013network,
	Author = {Zhang, Jun and Xiang, Yang and Wang, Yu and Zhou, Wanlei and Xiang, Yong and Guan, Yong},
	Journal = {Parallel and Distributed Systems, IEEE Transactions on},
	Number = {1},
	Pages = {104--117},
	Publisher = {IEEE},
	Title = {Network traffic classification using correlation information},
	Volume = {24},
	Year = {2013}}
